00585cas a22002291a 4500
001 999300653502836
003 Nz
005 20220201124421.0
008 040107d1964uuuunz wr ne      0    0eng d
035    $a (NLNZils)930065
035    $a (Nz)8168136
035    $a (NLNZils)930065-ilsdb
035    $a (OCoLC)173421918
040    $a WN $c WN
042    $a nznb
043    $a u-nz---
245 00 $a Motueka press.
260    $a [Nelson, N.Z. : $b s.n., $c 1964-?]
310    $a Weekly
362 0  $a 1964 Apr.23-?
651  0 $a Tasman District (N.Z.) $v Newspapers.
655  7 $a New Zealand newspapers. $2 local $5 Nz
